<?xml version="1.0" encoding="utf-8"?>
<record xmlns="http://www.loc.gov/MARC21/slim" xmlns:xsi="http://www.w3.org/2001/XMLSchema-instance" xsi:schemaLocation="http://www.loc.gov/MARC21/slim http://www.loc.gov/standards/marcxml/schema/MARC21slim.xsd">
	<leader>     nam a22     Mi 4500</leader>
	<controlfield tag="001">183394</controlfield>
	<controlfield tag="003">NjP</controlfield>
	<controlfield tag="006">m        d        </controlfield>
	<controlfield tag="007">cr cn |||m|||a</controlfield>
	<controlfield tag="008">191101s1904    le      o     000 1bara d</controlfield>
	<datafield ind1=" " ind2=" " tag="040">
		<subfield code="a">ZYU</subfield>
		<subfield code="b">ara</subfield>
		<subfield code="e">rda</subfield>
		<subfield code="c">ZYU</subfield>
	</datafield>
	<datafield ind1=" " ind2="4" tag="050">
		<subfield code="a">PJ7862.A243</subfield>
		<subfield code="b">A7 1904</subfield>
	</datafield>
	<datafield ind1="1" ind2=" " tag="100">
		<subfield code="6">880-01</subfield>
		<subfield code="a">Saʻādah, Rufūl.</subfield>
	</datafield>
	<datafield ind1="1" ind2="4" tag="245">
		<subfield code="6">880-02</subfield>
		<subfield code="a">al-ʻAql wa-al-dīn :</subfield>
		<subfield code="b">riwāyah adabīyah tārīkhīyah mawḍūʻuhā ḥayāt Mūsá al-mushtariʻ al-Isrāʼīlī al-ʻaẓīm wa-taḥrīr al-ʻIbrānīyīn min ʻubūdīyat al-Miṣrīyīn wa-taʼsīs al-mamlakah al-Isrāʼīlīyah wa-al-sharīʻah al-mūsawīyah wa-maṣādiruhā /</subfield>
		<subfield code="c">muʼllifaha Rufūl Saʻādah.</subfield>
	</datafield>
	<datafield ind1=" " ind2=" " tag="260">
		<subfield code="6">880-03</subfield>
		<subfield code="a">[Lebanon?] :</subfield>
		<subfield code="b">Ṭubiʻat fī Maṭbaʻat al-Munāẓir,</subfield>
		<subfield code="c">1904.</subfield>
	</datafield>
	<datafield ind1=" " ind2=" " tag="300">
		<subfield code="a">online resource (131 pages)</subfield>
	</datafield>
	<datafield ind1=" " ind2=" " tag="336">
		<subfield code="a">text</subfield>
		<subfield code="2">rdacontent</subfield>
	</datafield>
	<datafield ind1=" " ind2=" " tag="337">
		<subfield code="a">computer</subfield>
		<subfield code="2">rdamedia</subfield>
	</datafield>
	<datafield ind1=" " ind2=" " tag="338">
		<subfield code="a">online resource</subfield>
		<subfield code="2">rdacarrier</subfield>
	</datafield>
	<datafield ind1=" " ind2=" " tag="500">
		<subfield code="a">Part of the Arabic Collections Online (ACO) project, contributed by Princeton University Libraries.</subfield>
	</datafield>
	<datafield ind1=" " ind2=" " tag="533">
		<subfield code="a">Electronic reproduction.</subfield>
		<subfield code="b">New York, N.Y. :</subfield>
		<subfield code="c">New York University,</subfield>
		<subfield code="d">2019.</subfield>
		<subfield code="5">NNU</subfield>
	</datafield>
	<datafield ind1="0" ind2="0" tag="600">
		<subfield code="a">Moses</subfield>
		<subfield code="c">(Biblical leader)</subfield>
		<subfield code="v">Fiction.</subfield>
	</datafield>
	<datafield ind1="0" ind2="7" tag="600">
		<subfield code="a">Moses</subfield>
		<subfield code="c">(Biblical leader)</subfield>
		<subfield code="2">fast</subfield>
		<subfield code="0">(OCoLC)fst00036088</subfield>
	</datafield>
	<datafield ind1=" " ind2="7" tag="655">
		<subfield code="a">Fiction.</subfield>
		<subfield code="2">fast</subfield>
		<subfield code="0">(OCoLC)fst01423787</subfield>
	</datafield>
	<datafield ind1="2" ind2=" " tag="710">
		<subfield code="a">Princeton University.</subfield>
		<subfield code="b">Library.</subfield>
	</datafield>
	<datafield ind1="0" ind2=" " tag="730">
		<subfield code="a">Arabic Collections Online.</subfield>
	</datafield>
	<datafield ind1="0" ind2="8" tag="776">
		<subfield code="i">Print version:</subfield>
		<subfield code="a">Saʻādah, Rufūl.</subfield>
		<subfield code="t">al-ʻAql wa-al-dīn</subfield>
		<subfield code="w">(NjP)183394</subfield>
		<subfield code="w">(OCoLC)122754636</subfield>
	</datafield>
	<datafield ind1="4" ind2="0" tag="856">
		<subfield code="u">http://hdl.handle.net/2333.1/7d7wmcg4</subfield>
	</datafield>
	<datafield ind1="0" ind2=" " tag="880">
		<subfield code="6">100-01</subfield>
		<subfield code="a">رفول سعادة.</subfield>
	</datafield>
	<datafield ind1="1" ind2="2" tag="880">
		<subfield code="6">245-02</subfield>
		<subfield code="a">العقل والدين :</subfield>
		<subfield code="b">رواية أدبية تاريخية موضوعها حياة موسى المشترع الإسرائيلي العظيم وتحرير العبرانيين من عبودية المصريين وتأسيس المملكة الاسرائيلية والشريعة الموسوية ومصادرها /</subfield>
		<subfield code="c">مؤلفها رفول سعادة.</subfield>
	</datafield>
	<datafield ind1=" " ind2=" " tag="880">
		<subfield code="6">260-03</subfield>
		<subfield code="a">[Lebanon?] :</subfield>
		<subfield code="b">طبعت في مطبعة المناظر،</subfield>
		<subfield code="c">١٩٠٤.</subfield>
	</datafield>
	<datafield ind1=" " ind2=" " tag="959">
		<subfield code="a">NNU</subfield>
		<subfield code="b">WEB</subfield>
		<subfield code="c">GENI</subfield>
		<subfield code="t">0</subfield>
		<subfield code="m">Electronic access</subfield>
		<subfield code="s">01</subfield>
	</datafield>
	<datafield ind1=" " ind2=" " tag="999">
		<subfield code="i">NjP_183394</subfield>
		<subfield code="o">(OCoLC)ocn122754636</subfield>
		<subfield code="s">princeton_aco003115</subfield>
	</datafield>
</record>
